<record xmlns="http://www.loc.gov/MARC21/slim" xmlns:xsi="http://www.w3.org/2001/XMLSchema-instance" xsi:schemaLocation="http://www.loc.gov/MARC21/slim http://www.loc.gov/standards/marcxml/schema/MARC21slim.xsd"><leader>03208nam a2200517   4500</leader><controlfield tag="001">1674736</controlfield><controlfield tag="003">NIC</controlfield><controlfield tag="006">m        d        </controlfield><controlfield tag="007">cr cn |||m|||a</controlfield><controlfield tag="008">150223s1909    le      o     000 0 ara d</controlfield><datafield ind1=" " ind2=" " tag="040"><subfield code="a">NNU</subfield><subfield code="b">eng</subfield><subfield code="e">rda</subfield><subfield code="c">NNU</subfield></datafield><datafield ind1=" " ind2=" " tag="043"><subfield code="a">a-le---</subfield><subfield code="a">ma-----</subfield></datafield><datafield ind1="1" ind2=" " tag="100"><subfield code="6">880-01</subfield><subfield code="a">Ish&#803;a&#772;q, Adi&#772;b,</subfield><subfield code="d">1856-1885.</subfield></datafield><datafield ind1="1" ind2="0" tag="240"><subfield code="6">880-02</subfield><subfield code="a">Works.</subfield><subfield code="k">Selections.</subfield><subfield code="k">1909.</subfield><subfield code="f">1909</subfield></datafield><datafield ind1="1" ind2="3" tag="245"><subfield code="6">880-03</subfield><subfield code="a">al-Durar :</subfield><subfield code="b">wa-hiya muntakhaba&#772;t al-t&#803;ayyib al-dhikr, al-kha&#772;lid al-athar, al-ka&#772;tib wa-al-sha&#772;&#699;ir wa-al-khat&#803;i&#772;b al-marh&#803;u&#772;m Adi&#772;b Ish&#803;aq /</subfield><subfield code="c">[Adi&#772;b Ish&#803;a&#772;q] ; jama&#699;aha&#772; min a&#772;tha&#772;rihi al-mat&#803;bu&#772;&#699;ah wa-al-makht&#803;u&#772;t&#803;ah &#699;Awni&#772; Ish&#803;a&#772;q.</subfield></datafield><datafield ind1=" " ind2=" " tag="260"><subfield code="6">880-04</subfield><subfield code="a">[Beirut] :</subfield><subfield code="b">[publisher not identified],</subfield><subfield code="c">[1909]</subfield><subfield code="e">(Bayru&#772;t :</subfield><subfield code="f">al-Mat&#803;ba&#699;ah al-Adabi&#772;yah,</subfield><subfield code="c">1909)</subfield></datafield><datafield ind1=" " ind2=" " tag="300"><subfield code="a">online resource (616 pages)</subfield></datafield><datafield ind1=" " ind2=" " tag="336"><subfield code="a">text</subfield><subfield code="2">rdacontent</subfield></datafield><datafield ind1=" " ind2=" " tag="337"><subfield code="a">computer</subfield><subfield code="2">rdamedia</subfield></datafield><datafield ind1=" " ind2=" " tag="338"><subfield code="a">online resource</subfield><subfield code="2">rdacarrier</subfield></datafield><datafield ind1=" " ind2=" " tag="500"><subfield code="a">"Tah&#803;tawi&#772; &#699;ala&#769; tarjamat h&#803;a&#772;lihi wa-aqwa&#772;l al-jara&#772;&#700;id fi&#772;hi wa-mara&#772;thi&#772; al-shu&#699;ara&#772;&#700; wa-muntakhaba&#772;t khut&#803;abihi wa-rasa&#772;&#700;ilihi wa-qas&#803;a&#772;&#700;idihi wa-riwa&#772;ya&#772;tihi wa-maqa&#772;la&#772;tihi al-siya&#772;si&#772;yah wa-al-adabi&#772;yah mimma&#772; t&#803;ubi&#699;a min qabl wa-mimma&#772; lam yatayassar t&#803;ab&#699;uhu illa&#772; ba&#699;da i&#699;la&#772;n al-dustu&#772;r."</subfield></datafield><datafield ind1=" " ind2=" " tag="500"><subfield code="a">Part of the Arabic Collections Online (ACO) project, contributed by Cornell University Libraries.</subfield></datafield><datafield ind1=" " ind2=" " tag="533"><subfield code="a">Electronic reproduction.</subfield><subfield code="b">New York, N.Y. :</subfield><subfield code="c">New York University,</subfield><subfield code="d">2015.</subfield><subfield code="5">NNU</subfield></datafield><datafield ind1="1" ind2="0" tag="600"><subfield code="6">880-05</subfield><subfield code="a">Ish&#803;a&#772;q, Adi&#772;b,</subfield><subfield code="d">1856-1885.</subfield></datafield><datafield ind1=" " ind2="0" tag="650"><subfield code="a">Politicians</subfield><subfield code="z">Lebanon</subfield><subfield code="v">Biography.</subfield></datafield><datafield ind1=" " ind2="0" tag="650"><subfield code="a">Journalism</subfield><subfield code="z">Arab countries.</subfield></datafield><datafield ind1="1" ind2="7" tag="600"><subfield code="a">Ish&#803;a&#772;q, Adi&#772;b,</subfield><subfield code="d">1856-1885.</subfield><subfield code="2">fast</subfield><subfield code="0">(OCoLC)fst00315171</subfield></datafield><datafield ind1=" " ind2="7" tag="650"><subfield code="a">Journalism.</subfield><subfield code="2">fast</subfield><subfield code="0">(OCoLC)fst00984032</subfield></datafield><datafield ind1=" " ind2="7" tag="650"><subfield code="a">Politicians.</subfield><subfield code="2">fast</subfield><subfield code="0">(OCoLC)fst01069915</subfield></datafield><datafield ind1=" " ind2="7" tag="651"><subfield code="a">Arab countries.</subfield><subfield code="2">fast</subfield><subfield code="0">(OCoLC)fst01240128</subfield></datafield><datafield ind1=" " ind2="7" tag="651"><subfield code="a">Lebanon.</subfield><subfield code="2">fast</subfield><subfield code="0">(OCoLC)fst01206063</subfield></datafield><datafield ind1=" " ind2="7" tag="655"><subfield code="a">Biography.</subfield><subfield code="2">fast</subfield><subfield code="0">(OCoLC)fst01423686</subfield></datafield><datafield ind1="1" ind2=" " tag="700"><subfield code="6">880-06</subfield><subfield code="a">Ish&#803;a&#772;q, &#699;Awni&#772;.</subfield></datafield><datafield ind1="2" ind2=" " tag="710"><subfield code="a">Cornell University.</subfield><subfield code="b">Libraries.</subfield></datafield><datafield ind1="0" ind2=" " tag="730"><subfield code="a">Arabic Collections Online.</subfield></datafield><datafield ind1="0" ind2="8" tag="776"><subfield code="i">Online version:</subfield><subfield code="a">Ish&#803;a&#772;q, Adi&#772;b, 1856-1885.</subfield><subfield code="s">Selections. 1909.</subfield><subfield code="t">Durar.</subfield><subfield code="d">[Beirut : s.n., 1909] (Bayru&#772;t : al-Mat&#803;ba&#699;ah al-Adabi&#772;yah, 1909)</subfield><subfield code="w">(OCoLC)795680226</subfield></datafield><datafield ind1="0" ind2="8" tag="776"><subfield code="i">Print version:</subfield><subfield code="a">Ish&#803;a&#772;q, Adi&#772;b, 1856-1885.</subfield><subfield code="t">al-Durar</subfield><subfield code="w">(NIC)1674736</subfield><subfield code="w">(OCoLC)60510312</subfield></datafield><datafield ind1="4" ind2="0" tag="856"><subfield code="u">http://hdl.handle.net/2333.1/4mw6mc47</subfield></datafield><datafield ind1="1" ind2=" " tag="880"><subfield code="6">100-01/r</subfield><subfield code="a">&#1575;&#1587;&#1581;&#1602;&#1548; &#1571;&#1583;&#1610;&#1576;&#1548;,</subfield><subfield code="d">?1856-1885.</subfield></datafield><datafield ind1="1" ind2="0" tag="880"><subfield code="6">240-02/r</subfield><subfield code="a">&#1571;&#1593;&#1605;&#1575;&#1604;</subfield></datafield><datafield ind1="1" ind2="2" tag="880"><subfield code="6">245-03/r</subfield><subfield code="a">&#1575;&#1604;&#1583;&#1585;&#1585; :</subfield><subfield code="b">&#1608;&#1607;&#1610; &#1605;&#1606;&#1578;&#1582;&#1576;&#1575;&#1578; &#1575;&#1604;&#1591;&#1610;&#1576; &#1575;&#1604;&#1584;&#1603;&#1585;&#1548; &#1575;&#1604;&#1582;&#1575;&#1604;&#1583; &#1575;&#1604;&#1571;&#1579;&#1585;&#1548; &#1575;&#1604;&#1603;&#1575;&#1578;&#1576; &#1608;&#1575;&#1604;&#1588;&#1575;&#1593;&#1585; &#1608;&#1575;&#1604;&#1582;&#1591;&#1610;&#1576; &#1575;&#1604;&#1605;&#1585;&#1581;&#1608;&#1605; &#1571;&#1583;&#1610;&#1576; &#1575;&#1587;&#1581;&#1602; /</subfield><subfield code="c">[&#1571;&#1583;&#1610;&#1576; &#1575;&#1587;&#1581;&#1602;] &#1563; &#1580;&#1605;&#1593;&#1607;&#1575; &#1605;&#1606; &#1575;&#1579;&#1575;&#1585;&#1607; &#1575;&#1604;&#1605;&#1591;&#1576;&#1608;&#1593;&#1577; &#1608;&#1575;&#1604;&#1605;&#1582;&#1591;&#1608;&#1591;&#1577; &#1593;&#1608;&#1606;&#1610; &#1575;&#1587;&#1581;&#1602;.</subfield></datafield><datafield ind1=" " ind2=" " tag="880"><subfield code="6">260-04/r</subfield><subfield code="a">[&#1576;&#1585;&#1578;] :</subfield><subfield code="b">[publisher not identified],</subfield><subfield code="c">[1909]</subfield><subfield code="e">(&#1576;&#1610;&#1585;&#1608;&#1578; :</subfield><subfield code="f">&#1575;&#1604;&#1605;&#1591;&#1576;&#1593;&#1577; &#1575;&#1604;&#1575;&#1583;&#1576;&#1610;&#1577;&#1548;</subfield><subfield code="c">1909)</subfield></datafield><datafield ind1="1" ind2="0" tag="880"><subfield code="6">600-05/r</subfield><subfield code="a">&#1575;&#1587;&#1581;&#1575;&#1602;&#1548; &#1575;&#1583;&#1610;&#1576;&#1548;</subfield><subfield code="d">1856-1885.</subfield></datafield><datafield ind1="1" ind2=" " tag="880"><subfield code="6">700-06/r</subfield><subfield code="a">&#1575;&#1587;&#1581;&#1602;&#1548; &#1593;&#1608;&#1606;&#1610;.</subfield></datafield><datafield ind1=" " ind2=" " tag="959"><subfield code="a">NNU</subfield><subfield code="b">WEB</subfield><subfield code="c">GENI</subfield><subfield code="t">0</subfield><subfield code="m">Electronic access</subfield><subfield code="s">01</subfield></datafield><datafield ind1=" " ind2=" " tag="999"><subfield code="i">NIC_1674736</subfield><subfield code="o">(OCoLC)ocm60510312</subfield><subfield code="e">ok</subfield><subfield code="s">cornell_aco000017</subfield></datafield></record>